@Book{shirley,
	author = "{Peter Shirley, Steve Marschner, et al.}",
	title = {Fundamentals of Computer Graphics},
	edition = {3rd},
	publisher = {A K Peters},
	year = {2009},
}

@Book{eberly,
	author = "{David H. Eberly}",
	title = {3D Game Engine Design: A Practical Approach to Real-Time Computer Graphics},
	edition = {2nd},
	publisher = {Morgan Kaufmann},
	year = {2006},
}

@Book{lengyel,
	author = {Eric Lengyel},
	title = {Mathematics for 3D Game Programming and Computer Graphics},
	edition = {2nd},
	publisher = {Charles River Media},
	year = {2004},
}

@Book{lamothe,
	author = {Andre LaMothe},
	title = {Tricks of the 3D Game Programming Gurus},
	publisher = {SAMS Publishing},
	year = {2003},
}

@Book{fernando_kilgard,
	author = "{Randima Fernando, Mark J. Kilgard}",
	title = {The Cg Tutorial: The Definitive Guide to Programmable Real-Time Graphics},
	publisher = {Addison-Wesley Professional},
	year = {2003},
}

@article{low,
	author = {Kok-Lim Low},
	title = "{Perspective-Correct Interpolation}",
	journal = {Department of Computer Science, University of North Carolina at Chapel Hill},
	year = {2002},
}

@Manual{sdl,
	author="Sam Lantinga",
	title={Simple DirectMedia Layer},
	note = {\url{http://libsdl.org/}}
}
